@ONLINE{alexa,
	author = {Alexa Internet, Inc. 1996 - 2015},
	title = {Alexa},
	url = {http://www.alexa.com/topsites},
	note = {Zugriff: 13.05.2015, Archiviert mit WebCite\textsuperscript{\textregistered}: \url{http://www.webcitation.org/5hgzUZacN}}
}
@article{rhodes2000just,
  title={Just-in-time information retrieval agents},
  author={Rhodes, Bradley J and Maes, Pattie},
  journal={IBM Systems journal},
  volume={39},
  number={3.4},
  pages={685--704},
  year={2000},
  publisher={IBM}
}