@online{alexa,
	author = {Alexa Internet, Inc. 1996 - 2015},
	title = {Alexa},
	url = {http://www.alexa.com/topsites},
	note = {Zugriff: 13.05.2015, Archiviert mit WebCite\textsuperscript{\textregistered}: \url{http://www.webcitation.org/5hgzUZacN}}
}
@article{rhodes2000just,
  title={Just-in-time information retrieval agents},
  author={Rhodes, Bradley J and Maes, Pattie},
  journal={IBM Systems journal},
  volume={39},
  number={3.4},
  pages={685--704},
  year={2000},
  publisher={IBM}
}
@inproceedings{bouvin1999unifying,
  title={Unifying strategies for Web augmentation},
  author={Bouvin, Niels Olof},
  booktitle={Proceedings of the tenth ACM Conference on Hypertext and hypermedia: returning to our diverse roots: returning to our diverse roots},
  pages={91--100},
  year={1999},
  organization={ACM}
}
@article{lawrence2000context,
  title={Context in web search},
  author={Lawrence, Steve},
  journal={IEEE Data Eng. Bull.},
  volume={23},
  number={3},
  pages={25--32},
  year={2000}
}
@incollection{diaz2012understanding,
  title={Understanding web augmentation},
  author={D{\'\i}az, Oscar},
  booktitle={Current Trends in Web Engineering},
  pages={79--80},
  year={2012},
  publisher={Springer}
}
@inproceedings{miller1968response,
  title={Response time in man-computer conversational transactions},
  author={Miller, Robert B},
  booktitle={Proceedings of the December 9-11, 1968, fall joint computer conference, part I},
  pages={267--277},
  year={1968},
  organization={ACM}
}
@inproceedings{rhodes2000margin,
  title={Margin notes: Building a contextually aware associative memory},
  author={Rhodes, Bradley J},
  booktitle={Proceedings of the 5th international conference on Intelligent user interfaces},
  pages={219--224},
  year={2000},
  organization={ACM}
}
@inproceedings{rhodes1996remembrance,
  title={Remembrance Agent: A continuously running automated information retrieval system},
  author={Rhodes, Bradley and Starner, Thad},
  booktitle={The Proceedings of The First International Conference on The Practical Application Of Intelligent Agents and Multi Agent Technology},
  pages={487--495},
  year={1996}
}
@inproceedings{budzik1999watson,
  title={Watson: Anticipating and contextualizing information needs},
  author={Budzik, Jay and Hammond, Kristian},
  booktitle={Proceedings of the Annual Meeting-American Society for Information Science},
  volume={36},
  pages={727--740},
  year={1999},
  organization={Citeseer}
}
@article{jansen2000real,
  title={Real life, real users, and real needs: a study and analysis of user queries on the web},
  author={Jansen, Bernard J and Spink, Amanda and Saracevic, Tefko},
  journal={Information processing \& management},
  volume={36},
  number={2},
  pages={207--227},
  year={2000},
  publisher={Elsevier}
}
@inproceedings{budzik2000user,
  title={User interactions with everyday applications as context for just-in-time information access},
  author={Budzik, Jay and Hammond, Kristian J},
  booktitle={Proceedings of the 5th international conference on intelligent user interfaces},
  pages={44--51},
  year={2000},
  organization={ACM}
}
@phdthesis{rhodes2000thesis,
  title={Just-in-time information retrieval},
  author={Rhodes, Bradley James},
  year={2000},
  school={Massachusetts Institute of Technology}
}
@inproceedings{anderson1997integrating,
  title={Integrating open hypermedia systems with the World Wide Web},
  author={Anderson, Kenneth M},
  booktitle={Proceedings of the eighth ACM conference on Hypertext},
  pages={157--166},
  year={1997},
  organization={ACM}
}